\nocite{*}

@book{asfaleia,
  title={Ασφάλεια Πληροφοριών και Συστημάτων στον Κυβερνοχώρο},
  author={Συλλογικός {Τόμος}},
  year={2021},
  publisher={ΕΚΔΟΣΕΙΣ ΝΕΩΝ ΤΕΧΝΟΛΟΓΙΩΝ},
  edition={1}
}

@book{BRO,
  title={Applied Network Security Monitoring},
  author={Sanders, C. and Smith, J.},
  year={2014},
  publisher={Elsevier Inc.}
}

@misc{zeek_1,
  title={Zeek Documentation},
  author={Zeek},
  howpublished="\url{https://docs.zeek.org/en/master/}",
  note = "[Ανακτήθηκε 13 Ιανουαρίου 2025]"
}

@misc{zeek_2,
  title={ZEEK INTRUSION DETECTION SERIES, Lab 1: Introduction to the Capabilities of Zeek},
  author={The University of Texas at San Antonio},
  howpublished="\url{https://research.cec.sc.edu/files/cyberinfra/files/Zeek_Lab_Series.pdf}",
  note = "[Ανακτήθηκε 13 Ιανουαρίου 2025]"
}

@misc{go,
  title={Go-MySQL-Driver},
  author={Go Documentation},
  howpublished="\url{https://pkg.go.dev/github.com/go-sql-driver/mysql#section-readme}",
  note = "[Ανακτήθηκε 13 Ιανουαρίου 2025]"
}

@misc{go_2,
  title={Avoiding SQL injection risk},
  author={Go Documentation},
  howpublished="\url{https://go.dev/doc/database/sql-injection}",
  note = "[Ανακτήθηκε 13 Ιανουαρίου 2025]"
}

@misc{goto_sqlite,
  title={Zeek to SQLite},
  author={hackertarget},
  howpublished="\url{https://github.com/hackertarget/pcap-did-what/blob/master/zeek-docker/zeek-to-sqlite.py}",
  note = "[Ανακτήθηκε 13 Ιανουαρίου 2025]"
}